@article{zhan2024anomaly,
  title     = {Anomaly Detection in Industrial Control Systems Based on Cross-Domain Representation Learning},
  author    = {Zhan, Dongyang and Zhang, Wenqi and Ye, Lin and Yu, Xiangzhan and Zhang, Hongli and He, Zheng},
  journal   = {IEEE Transactions on Dependable and Secure Computing},
  year      = {2024},
  publisher = {IEEE}
}

@book{mandic2001recurrent,
  title     = {Recurrent neural networks for prediction: learning algorithms, architectures and stability},
  author    = {Mandic, Danilo P and Chambers, Jonathon},
  year      = {2001},
  publisher = {John Wiley \& Sons, Inc.}
}

@article{creswell2018generative,
  title     = {Generative adversarial networks: An overview},
  author    = {Creswell, Antonia and White, Tom and Dumoulin, Vincent and Arulkumaran, Kai and Sengupta, Biswa and Bharath, Anil A},
  journal   = {IEEE signal processing magazine},
  volume    = {35},
  number    = {1},
  pages     = {53--65},
  year      = {2018},
  publisher = {IEEE}
}

@article{tao2024diagnosing,
  title     = {Diagnosing Performance Issues for Large-Scale Microservice Systems With Heterogeneous Graph},
  author    = {Tao, Lei and Lu, Xianglin and Zhang, Shenglin and Luan, Jiaqi and Li, Yingke and Li, Mingjie and Li, Zeyan and Yu, Qingyang and Xie, Hucheng and Xu, Ruijie and others},
  journal   = {IEEE Transactions on Services Computing},
  year      = {2024},
  publisher = {IEEE}
}

@inproceedings{deng2021graph,
  title     = {Graph neural network-based anomaly detection in multivariate time series},
  author    = {Deng, Ailin and Hooi, Bryan},
  booktitle = {Proceedings of the AAAI conference on artificial intelligence},
  volume    = {35},
  number    = {5},
  pages     = {4027--4035},
  year      = {2021}
}

@article{desideri2012multiple,
  title     = {Multiple-gradient descent algorithm (MGDA) for multiobjective optimization},
  author    = {D{\'e}sid{\'e}ri, Jean-Antoine},
  journal   = {Comptes Rendus Mathematique},
  volume    = {350},
  number    = {5-6},
  pages     = {313--318},
  year      = {2012},
  publisher = {Elsevier}
}

@inproceedings{mathur2016swat,
  title        = {SWaT: A water treatment testbed for research and training on ICS security},
  author       = {Mathur, Aditya P and Tippenhauer, Nils Ole},
  booktitle    = {2016 international workshop on cyber-physical systems for smart water networks (CySWater)},
  pages        = {31--36},
  year         = {2016},
  organization = {IEEE}
}

@inproceedings{kipf2017semi,
  title     = {Semi-Supervised Classification with Graph Convolutional Networks},
  author    = {Kipf, Thomas N. and Welling, Max},
  booktitle = {International Conference on Learning Representations (ICLR)},
  year      = {2017}
}

@article{zhou2018fault,
  title     = {Fault analysis and debugging of microservice systems: Industrial survey, benchmark system, and empirical study},
  author    = {Zhou, Xiang and Peng, Xin and Xie, Tao and Sun, Jun and Ji, Chao and Li, Wenhai and Ding, Dan},
  journal   = {IEEE Transactions on Software Engineering},
  volume    = {47},
  number    = {2},
  pages     = {243--260},
  year      = {2018},
  publisher = {IEEE}
}
