@article{abdel2024crested,
  title     = {Crested Porcupine Optimizer: A new nature-inspired metaheuristic},
  author    = {Abdel-Basset, Mohamed and Mohamed, Reda and Abouhawwash, Mohamed},
  journal   = {Knowledge-Based Systems},
  volume    = {284},
  pages     = {111257},
  year      = {2024},
  publisher = {Elsevier}
}

@article{lian2024parrot,
  title     = {Parrot optimizer: Algorithm and applications to medical problems},
  author    = {Lian, Junbo and Hui, Guohua and Ma, Ling and Zhu, Ting and Wu, Xincan and Heidari, Ali Asghar and Chen, Yi and Chen, Huiling},
  journal   = {Computers in Biology and Medicine},
  volume    = {172},
  pages     = {108064},
  year      = {2024},
  publisher = {Elsevier}
}

@inproceedings{deng2021graph,
  title     = {Graph neural network-based anomaly detection in multivariate time series},
  author    = {Deng, Ailin and Hooi, Bryan},
  booktitle = {Proceedings of the AAAI conference on artificial intelligence},
  volume    = {35},
  number    = {5},
  pages     = {4027--4035},
  year      = {2021}
}
