@book{mandic2001recurrent,
  title     = {Recurrent neural networks for prediction: learning algorithms, architectures and stability},
  author    = {Mandic, Danilo P and Chambers, Jonathon},
  year      = {2001},
  publisher = {John Wiley \& Sons, Inc.}
}

@article{creswell2018generative,
  title     = {Generative adversarial networks: An overview},
  author    = {Creswell, Antonia and White, Tom and Dumoulin, Vincent and Arulkumaran, Kai and Sengupta, Biswa and Bharath, Anil A},
  journal   = {IEEE signal processing magazine},
  volume    = {35},
  number    = {1},
  pages     = {53--65},
  year      = {2018},
  publisher = {IEEE}
}

@article{zhan2024anomaly,
  title     = {Anomaly Detection in Industrial Control Systems Based on Cross-Domain Representation Learning},
  author    = {Zhan, Dongyang and Zhang, Wenqi and Ye, Lin and Yu, Xiangzhan and Zhang, Hongli and He, Zheng},
  journal   = {IEEE Transactions on Dependable and Secure Computing},
  year      = {2024},
  publisher = {IEEE}
}

@inproceedings{deng2021graph,
  title     = {Graph neural network-based anomaly detection in multivariate time series},
  author    = {Deng, Ailin and Hooi, Bryan},
  booktitle = {Proceedings of the AAAI conference on artificial intelligence},
  volume    = {35},
  number    = {5},
  pages     = {4027--4035},
  year      = {2021}
}

@inproceedings{kipf2017semi,
  title     = {Semi-Supervised Classification with Graph Convolutional Networks},
  author    = {Kipf, Thomas N. and Welling, Max},
  booktitle = {International Conference on Learning Representations (ICLR)},
  year      = {2017}
}

@article{velickovic2018graph,
  title     = {{Graph Attention Networks}},
  author    = {Veli{\v{c}}kovi{\'{c}}, Petar and Cucurull, Guillem and Casanova, Arantxa and Romero, Adriana and Li{\`{o}}, Pietro and Bengio, Yoshua},
  booktitle = {International Conference on Learning Representations (ICLR)},
  year      = {2018}
}

@misc{ruder2017overviewmultitasklearningdeep,
  title         = {An Overview of Multi-Task Learning in Deep Neural Networks},
  author        = {Sebastian Ruder},
  year          = {2017},
  eprint        = {1706.05098},
  archiveprefix = {arXiv},
  primaryclass  = {cs.LG}
}

@article{desideri2012multiple,
  title     = {Multiple-gradient descent algorithm (MGDA) for multiobjective optimization},
  author    = {D{\'e}sid{\'e}ri, Jean-Antoine},
  journal   = {Comptes Rendus Mathematique},
  volume    = {350},
  number    = {5-6},
  pages     = {313--318},
  year      = {2012},
  publisher = {Elsevier}
}

@article{caruana1997multitask,
  title     = {Multitask learning},
  author    = {Caruana, Rich},
  journal   = {Machine learning},
  volume    = {28},
  pages     = {41--75},
  year      = {1997},
  publisher = {Springer}
}

@inproceedings{misra2016cross,
  title     = {Cross-stitch networks for multi-task learning},
  author    = {Misra, Ishan and Shrivastava, Abhinav and Gupta, Abhinav and Hebert, Martial},
  booktitle = {Proceedings of the IEEE conference on computer vision and pattern recognition},
  pages     = {3994--4003},
  year      = {2016}
}

@inproceedings{ruder2019latent,
  title     = {Latent multi-task architecture learning},
  author    = {Ruder, Sebastian and Bingel, Joachim and Augenstein, Isabelle and S{\o}gaard, Anders},
  booktitle = {Proceedings of the AAAI conference on artificial intelligence},
  volume    = {33},
  number    = {01},
  pages     = {4822--4829},
  year      = {2019}
}

@article{sener2018multi,
  title   = {Multi-task learning as multi-objective optimization},
  author  = {Sener, Ozan and Koltun, Vladlen},
  journal = {Advances in neural information processing systems},
  volume  = {31},
  year    = {2018}
}

@inproceedings{mathur2016swat,
  title        = {SWaT: A water treatment testbed for research and training on ICS security},
  author       = {Mathur, Aditya P and Tippenhauer, Nils Ole},
  booktitle    = {2016 international workshop on cyber-physical systems for smart water networks (CySWater)},
  pages        = {31--36},
  year         = {2016},
  organization = {IEEE}
}
